@article{fu2012chaos,
  title={A chaos-based digital image encryption scheme with an improved diffusion strategy},
  author={Fu, Chong and Chen, Jun-jie and Zou, Hao and Meng, Wei-hong and Zhan, Yong-feng and Yu, Ya-wen},
  journal={Optics express},
  volume={20},
  number={3},
  pages={2363--2378},
  year={2012},
  publisher={Optical Society of America}
}

@inproceedings{yun2009digital,
  title={Digital image encryption algorithm based on chaos and improved DES},
  author={Yun-Peng, Zhang and Wei, Liu and Shui-Ping, Cao and Zheng-Jun, Zhai and Xuan, Nie and Wei-di, Dai},
  booktitle={2009 IEEE international conference on systems, man and cybernetics},
  pages={474--479},
  year={2009},
  organization={IEEE}
}

@article{pourasad2021new,
  title={A new algorithm for digital image encryption based on chaos theory},
  author={Pourasad, Yaghoub and Ranjbarzadeh, Ramin and Mardani, Abbas},
  journal={Entropy},
  volume={23},
  number={3},
  pages={341},
  year={2021},
  publisher={Multidisciplinary Digital Publishing Institute}
}


@inproceedings{wang2008digital,
  title={Digital image encryption research based on dwt and chaos},
  author={Wang, Qiang and Ding, Qun and Zhang, Zhong and Ding, Lina},
  booktitle={2008 Fourth International Conference on Natural Computation},
  volume={5},
  pages={494--498},
  year={2008},
  organization={IEEE}
}

@article{ul2020algebra,
  title={Algebra-chaos amalgam and DNA transform based multiple digital image encryption},
  author={ul Haq, Tanveer and Shah, Tariq},
  journal={Journal of Information Security and Applications},
  volume={54},
  pages={102592},
  year={2020},
  publisher={Elsevier}
}

@article{xiao2009analysis,
  title={Analysis and improvement of a chaos-based image encryption algorithm},
  author={Xiao, Di and Liao, Xiaofeng and Wei, Pengcheng},
  journal={Chaos, Solitons \& Fractals},
  volume={40},
  number={5},
  pages={2191--2199},
  year={2009},
  publisher={Elsevier}
}

@inproceedings{wang2016novel,
  title={A novel digital image encryption algorithm based on wavelet transform and multi-chaos},
  author={Wang, Wei and Tan, Haiyan and Sun, Peng and Pang, Yu and Ren, Binbin},
  booktitle={Wireless communication and sensor network: proceedings of the international conference on wireless communication and sensor network (WCSN 2015)},
  pages={711--719},
  year={2016},
  organization={World Scientific}
}

@article{wang2020image,
  title={An image encryption algorithm based on a hidden attractor chaos system and the Knuth--Durstenfeld algorithm},
  author={Wang, SiCheng and Wang, ChunHua and Xu, Cong},
  journal={Optics and Lasers in Engineering},
  volume={128},
  pages={105995},
  year={2020},
  publisher={Elsevier}
}

@inproceedings{yuan2017double,
  title={A double-domain image encryption using hyper chaos},
  author={Yuan, Wenting and Yang, Xuelin and Guo, Wei and Hu, Weisheng},
  booktitle={2017 19th International Conference on Transparent Optical Networks (ICTON)},
  pages={1--4},
  year={2017},
  organization={IEEE}
}

@article{zhang2022multiple,
  title={Multiple Digital Image Encryption Algorithm Based on Chaos Algorithm},
  author={Zhang, Ying and He, Yi and Zhang, Jing and Liu, Xiaobo},
  journal={Mobile Networks and Applications},
  pages={1--10},
  year={2022},
  publisher={Springer}
}

@article{yousif2020robust,
  title={Robust image encryption with scanning technology, the El-Gamal algorithm and chaos theory},
  author={Yousif, Sura F and Abboud, Ali J and Radhi, Hussein Y},
  journal={IEEE Access},
  volume={8},
  pages={155184--155209},
  year={2020},
  publisher={IEEE}
}

@inproceedings{suneja2019review,
  title={A review of chaos based image encryption},
  author={Suneja, Kanika and Dua, Shelza and Dua, Mohit},
  booktitle={2019 3rd International Conference on Computing Methodologies and Communication (ICCMC)},
  pages={693--698},
  year={2019},
  organization={IEEE}
}

@article{pan2018research,
  title={Research on digital image encryption algorithm based on double logistic chaotic map},
  author={Pan, Hailan and Lei, Yongmei and Jian, Chen},
  journal={EURASIP Journal on Image and Video Processing},
  volume={2018},
  number={1},
  pages={1--10},
  year={2018},
  publisher={SpringerOpen}
}

@incollection{mao2005chaos,
  title={Chaos-based image encryption},
  author={Mao, Yaobin and Chen, Guanrong},
  booktitle={Handbook of geometric computing},
  pages={231--265},
  year={2005},
  publisher={Springer}
}

@inproceedings{zhang2008new,
  title={A new image encryption algorithm based on multiple chaos system},
  author={Zhang, Yunpeng and Zuo, Fei and Zhai, Zhengjun and Xiaobin, Cai},
  booktitle={2008 International Symposium on Electronic Commerce and Security},
  pages={347--350},
  year={2008},
  organization={IEEE}
}

@article{suryadi2014performance,
  title={Performance of chaos-based encryption algorithm for digital image},
  author={Suryadi, MT and Nurpeti, Eva and Widya, Dhian},
  journal={Telkomnika},
  volume={12},
  number={3},
  pages={675},
  year={2014},
  publisher={Ahmad Dahlan University}
}

@article{gao2008new,
  title={A new image encryption algorithm based on hyper-chaos},
  author={Gao, Tiegang and Chen, Zengqiang},
  journal={Physics letters A},
  volume={372},
  number={4},
  pages={394--400},
  year={2008},
  publisher={Elsevier}
}

@article{khan2019chaos,
  title={Chaos based efficient selective image encryption},
  author={Khan, Jan Sher and Ahmad, Jawad},
  journal={Multidimensional Systems and Signal Processing},
  volume={30},
  number={2},
  pages={943--961},
  year={2019},
  publisher={Springer}
}

@article{elgendy2016chaos,
  title={Chaos-based model for encryption and decryption of digital images},
  author={Elgendy, Fatma and Sarhan, Amany M and Eltobely, Tarek E and El-Zoghdy, Said Fathy and El-Sayed, Hala S and Faragallah, Osama S},
  journal={Multimedia Tools and Applications},
  volume={75},
  number={18},
  pages={11529--11553},
  year={2016},
  publisher={Springer}
}

@article{zhu2011chaos,
  title={A chaos-based symmetric image encryption scheme using a bit-level permutation},
  author={Zhu, Zhi-liang and Zhang, Wei and Wong, Kwok-wo and Yu, Hai},
  journal={Information Sciences},
  volume={181},
  number={6},
  pages={1171--1186},
  year={2011},
  publisher={Elsevier}
}

@article{zhen2016chaos,
  title={Chaos-based image encryption scheme combining DNA coding and entropy},
  author={Zhen, Ping and Zhao, Geng and Min, Lequan and Jin, Xin},
  journal={Multimedia Tools and Applications},
  volume={75},
  number={11},
  pages={6303--6319},
  year={2016},
  publisher={Springer}
}

@article{butt2020digital,
  title={A digital image confidentiality scheme based on pseudo-quantum chaos and lucas sequence},
  author={Butt, Khushbu Khalid and Li, Guohui and Masood, Fawad and Khan, Sajid},
  journal={Entropy},
  volume={22},
  number={11},
  pages={1276},
  year={2020},
  publisher={Multidisciplinary Digital Publishing Institute}
}

@article{song2013image,
  title={An image encryption scheme based on new spatiotemporal chaos},
  author={Song, Chun-Yan and Qiao, Yu-Long and Zhang, Xing-Zhou},
  journal={Optik-International Journal for Light and Electron Optics},
  volume={124},
  number={18},
  pages={3329--3334},
  year={2013},
  publisher={Elsevier}
}

@article{ying2004digital,
  title={Digital image encryption algorithm based on three-dimension Lorenz chaos system},
  author={Ying, Wang and Deling, Zheng and Lei, Ju},
  journal={工程科学学报},
  volume={26},
  number={6},
  pages={678--682},
  year={2004},
  publisher={工程科学学报}
}